<record><leader>00000cas a22000007a 4500</leader><controlfield tag="001">12926274</controlfield><controlfield tag="008">851217d19481949pauwr ne      0    0eng d</controlfield><datafield ind1=" " ind2=" " tag="010"><subfield code="a">sn 86081323 </subfield></datafield><datafield ind1=" " ind2=" " tag="040"><subfield code="a">NPH</subfield><subfield code="b">eng</subfield><subfield code="c">NPH</subfield><subfield code="d">OCLCQ</subfield></datafield><datafield ind1=" " ind2=" " tag="042"><subfield code="a">msc</subfield></datafield><datafield ind1="0" ind2="0" tag="245"><subfield code="a">Harrisburg home news.</subfield></datafield><datafield ind1="3" ind2="0" tag="246"><subfield code="a">Home news</subfield></datafield><datafield ind1=" " ind2=" " tag="260"><subfield code="a">Harrisburg, Pa. :</subfield><subfield code="b">[s.n.],</subfield><subfield code="c">1948-1949.</subfield></datafield><datafield ind1=" " ind2=" " tag="300"><subfield code="a">2 v. :</subfield><subfield code="b">ill.</subfield></datafield><datafield ind1=" " ind2=" " tag="310"><subfield code="a">Weekly</subfield></datafield><datafield ind1="0" ind2=" " tag="362"><subfield code="a">Vol. 1, no. 1 (Oct. 27, 1948)-v. 2, no. 4 (Jan. 26, 1949).</subfield></datafield><datafield ind1=" " ind2=" " tag="752"><subfield code="a">United States</subfield><subfield code="b">Pennsylvania</subfield><subfield code="c">Dauphin</subfield><subfield code="d">Harrisburg.</subfield></datafield><datafield ind1="0" ind2="0" tag="780"><subfield code="t">Harrisburg guide</subfield><subfield code="w">(DLC)sn 86081324</subfield><subfield code="w">(OCoLC)12926260</subfield></datafield><datafield ind1="0" ind2="0" tag="785"><subfield code="t">Harrisburg home star</subfield><subfield code="w">(DLC)sn 86081322</subfield><subfield code="w">(OCoLC)12926292</subfield></datafield></record>